@book{Harary:1969,
  title		= {Graph theory },
  author	= {Harary, Frank},
  year		= {1969},
  publisher	= {CRC Press},
  address	= {Boca Raton},
  note		=  {\\ \url{https://doi.org/10.1201/9780429493768}}
}

@article{Alcon:2006,
  title		= {Clique-critical graphs: Maximum size and recognition},
  author	= {Alc√≥n, Liliana},
  journal	= {Discrete applied mathematics},
  volume	= {154},
  number	= {13},
  pages	= {1799--1802},
  year		= {2006},
  publisher	= {Elsevier}
}

@article{Hamelink:1968,
  title		= {A partial characterization of clique graphs},
  author	= {Hamelink, Ronald C},
  journal	= {Journal of Combinatorial Theory},
  volume	= {5},
  number	= {2},
  pages	= {192--197},
  year		= {1968},
  publisher	= {Elsevier}
}

@article{Roberts:1971,
  title		= {A characterization of clique graphs},
  author	= {Roberts, Fred S and Spencer, Joel H},
  journal	= {Journal of Combinatorial Theory, Series B},
  volume	= {10},
  number	= {2},
  pages	= {102--108},
  year		= {1971},
  publisher	= {Elsevier}
}

@article{Escalante:1974,
  title		= {On clique-critical graphs},
  author	= {Escalante, Fernando and Toft, B},
  journal	= {Journal of Combinatorial Theory, Series B},
  volume	= {17},
  number	= {2},
  pages	= {170--182},
  year		= {1974},
  publisher	= {Elsevier}
}



